<?xml version="1.0" encoding="UTF-8"?><collection xmlns="http://www.loc.gov/MARC21/slim"><record><leader>00561nam--2200169-i-4500</leader><controlfield tag="001">000009042</controlfield><controlfield tag="002">20161230</controlfield><controlfield tag="005">20170207234202</controlfield><controlfield tag="008">060222s1000------------r-----000-0-eng-d</controlfield><datafield ind1=" " ind2=" " tag="100"><subfield code="a">Coghias, H</subfield></datafield><datafield ind1=" " ind2=" " tag="245"><subfield code="a">Cercetari experimentale in vederea introduceri i clasei de izolatie f la u.e.p.c</subfield></datafield><datafield ind1=" " ind2=" " tag="260"><subfield code="a">Bucuresti</subfield><subfield code="b">Cons.Nat.Al Ing.Si Tehn</subfield><subfield code="c">1969</subfield></datafield><datafield ind1=" " ind2=" " tag="300"><subfield code="a">9 p</subfield></datafield><datafield ind1=" " ind2=" " tag="490"><subfield code="a">A Doua Conferinta A Electricienilor.Vii.Sectia Teorie, Materiale Si Masurari Electrice</subfield></datafield><datafield ind1=" " ind2=" " tag="700"><subfield code="a">Georgescu, George Al</subfield></datafield><datafield ind1=" " ind2=" " tag="852"><subfield code="a">621.315.62.001.5</subfield></datafield><datafield ind1=" " ind2=" " tag="CAT"><subfield code="a">SYS</subfield><subfield code="c">20170207</subfield><subfield code="h">234202</subfield></datafield></record></collection>